@article{savgol,
	author = {{Savitzky}, A. and {Golay}, M.~J.~E.},
	title = "{Smoothing and differentiation of data by simplified least squares procedures}",
	journal = {Analytical Chemistry},
	year = 1964,
	month = jan,
	volume = {36},
	pages = {1627-1639},
	adsurl = {https://ui.adsabs.harvard.edu/abs/1964AnaCh..36.1627S}
}


@article{trush_2020,
	author = {Trush, Arsenii and Pospisil, Stanislav and Kozmar, Hrvoje},
	title = "{Comparison of Turbulence Integral Length Scales Determination Methods}",
	journal = {WIT Transactions on Engineering Sciences},
	year = 2020,
	volume = {128},
	pages = {113-123},
	adsurl = {https://www.witpress.com/elibrary/wit-transactions-on-engineering-sciences/128/37780}
}
